%YAML 1.1
%TAG !u! tag:unity3d.com,2011:
--- !u!1 &371976478669802978
GameObject:
  m_ObjectHideFlags: 0
  m_CorrespondingSourceObject: {fileID: 0}
  m_PrefabInstance: {fileID: 0}
  m_PrefabAsset: {fileID: 0}
  serializedVersion: 6
  m_Component:
  - component: {fileID: 7221611407451063604}
  - component: {fileID: 5540824153033985298}
  - component: {fileID: 8672891412620374679}
  m_Layer: 5
  m_Name: Bottom_Sec
  m_TagString: Untagged
  m_Icon: {fileID: 0}
  m_NavMeshLayer: 0
  m_StaticEditorFlags: 0
  m_IsActive: 1
--- !u!224 &7221611407451063604
RectTransform:
  m_ObjectHideFlags: 0
  m_CorrespondingSourceObject: {fileID: 0}
  m_PrefabInstance: {fileID: 0}
  m_PrefabAsset: {fileID: 0}
  m_GameObject: {fileID: 371976478669802978}
  m_LocalRotation: {x: 0, y: 0, z: 0, w: 1}
  m_LocalPosition: {x: 0, y: 0, z: 0}
  m_LocalScale: {x: 1, y: 1, z: 1}
  m_Children:
  - {fileID: 1759565037650418048}
  m_Father: {fileID: 7620183433734954619}
  m_RootOrder: 2
  m_LocalEulerAnglesHint: {x: 0, y: 0, z: 0}
  m_AnchorMin: {x: 0, y: 0}
  m_AnchorMax: {x: 1, y: 0.2}
  m_AnchoredPosition: {x: 0, y: 0}
  m_SizeDelta: {x: 0, y: 0}
  m_Pivot: {x: 0.5, y: 0.5}
--- !u!222 &5540824153033985298
CanvasRenderer:
  m_ObjectHideFlags: 0
  m_CorrespondingSourceObject: {fileID: 0}
  m_PrefabInstance: {fileID: 0}
  m_PrefabAsset: {fileID: 0}
  m_GameObject: {fileID: 371976478669802978}
  m_CullTransparentMesh: 1
--- !u!114 &8672891412620374679
MonoBehaviour:
  m_ObjectHideFlags: 0
  m_CorrespondingSourceObject: {fileID: 0}
  m_PrefabInstance: {fileID: 0}
  m_PrefabAsset: {fileID: 0}
  m_GameObject: {fileID: 371976478669802978}
  m_Enabled: 0
  m_EditorHideFlags: 0
  m_Script: {fileID: 11500000, guid: fe87c0e1cc204ed48ad3b37840f39efc, type: 3}
  m_Name: 
  m_EditorClassIdentifier: 
  m_Material: {fileID: 0}
  m_Color: {r: 1, g: 0.8389269, b: 0, a: 0.392}
  m_RaycastTarget: 1
  m_RaycastPadding: {x: 0, y: 0, z: 0, w: 0}
  m_Maskable: 1
  m_OnCullStateChanged:
    m_PersistentCalls:
      m_Calls: []
  m_Sprite: {fileID: 10907, guid: 0000000000000000f000000000000000, type: 0}
  m_Type: 1
  m_PreserveAspect: 0
  m_FillCenter: 1
  m_FillMethod: 4
  m_FillAmount: 1
  m_FillClockwise: 1
  m_FillOrigin: 0
  m_UseSpriteMesh: 0
  m_PixelsPerUnitMultiplier: 1
--- !u!1 &2892622777048057628
GameObject:
  m_ObjectHideFlags: 0
  m_CorrespondingSourceObject: {fileID: 0}
  m_PrefabInstance: {fileID: 0}
  m_PrefabAsset: {fileID: 0}
  serializedVersion: 6
  m_Component:
  - component: {fileID: 11529093516323932}
  - component: {fileID: 8991690629311818650}
  - component: {fileID: 4008850621638349062}
  m_Layer: 5
  m_Name: Main_Sec
  m_TagString: Untagged
  m_Icon: {fileID: 0}
  m_NavMeshLayer: 0
  m_StaticEditorFlags: 0
  m_IsActive: 1
--- !u!224 &11529093516323932
RectTransform:
  m_ObjectHideFlags: 0
  m_CorrespondingSourceObject: {fileID: 0}
  m_PrefabInstance: {fileID: 0}
  m_PrefabAsset: {fileID: 0}
  m_GameObject: {fileID: 2892622777048057628}
  m_LocalRotation: {x: 0, y: 0, z: 0, w: 1}
  m_LocalPosition: {x: 0, y: 0, z: 0}
  m_LocalScale: {x: 1, y: 1, z: 1}
  m_Children:
  - {fileID: 6657307014396195452}
  - {fileID: 7053730540746783824}
  m_Father: {fileID: 7620183433734954619}
  m_RootOrder: 1
  m_LocalEulerAnglesHint: {x: 0, y: 0, z: 0}
  m_AnchorMin: {x: 0, y: 0.2}
  m_AnchorMax: {x: 1, y: 0.8}
  m_AnchoredPosition: {x: 0, y: 0}
  m_SizeDelta: {x: 0, y: 0}
  m_Pivot: {x: 0.5, y: 0.5}
--- !u!222 &8991690629311818650
CanvasRenderer:
  m_ObjectHideFlags: 0
  m_CorrespondingSourceObject: {fileID: 0}
  m_PrefabInstance: {fileID: 0}
  m_PrefabAsset: {fileID: 0}
  m_GameObject: {fileID: 2892622777048057628}
  m_CullTransparentMesh: 1
--- !u!114 &4008850621638349062
MonoBehaviour:
  m_ObjectHideFlags: 0
  m_CorrespondingSourceObject: {fileID: 0}
  m_PrefabInstance: {fileID: 0}
  m_PrefabAsset: {fileID: 0}
  m_GameObject: {fileID: 2892622777048057628}
  m_Enabled: 0
  m_EditorHideFlags: 0
  m_Script: {fileID: 11500000, guid: fe87c0e1cc204ed48ad3b37840f39efc, type: 3}
  m_Name: 
  m_EditorClassIdentifier: 
  m_Material: {fileID: 0}
  m_Color: {r: 0, g: 0.39331818, b: 1, a: 0.392}
  m_RaycastTarget: 1
  m_RaycastPadding: {x: 0, y: 0, z: 0, w: 0}
  m_Maskable: 1
  m_OnCullStateChanged:
    m_PersistentCalls:
      m_Calls: []
  m_Sprite: {fileID: 10907, guid: 0000000000000000f000000000000000, type: 0}
  m_Type: 1
  m_PreserveAspect: 0
  m_FillCenter: 1
  m_FillMethod: 4
  m_FillAmount: 1
  m_FillClockwise: 1
  m_FillOrigin: 0
  m_UseSpriteMesh: 0
  m_PixelsPerUnitMultiplier: 1
--- !u!1 &4701705813950627317
GameObject:
  m_ObjectHideFlags: 0
  m_CorrespondingSourceObject: {fileID: 0}
  m_PrefabInstance: {fileID: 0}
  m_PrefabAsset: {fileID: 0}
  serializedVersion: 6
  m_Component:
  - component: {fileID: 893232973513610744}
  - component: {fileID: 3045407193622321817}
  - component: {fileID: 73906191638290627}
  m_Layer: 5
  m_Name: Top_Sec
  m_TagString: Untagged
  m_Icon: {fileID: 0}
  m_NavMeshLayer: 0
  m_StaticEditorFlags: 0
  m_IsActive: 1
--- !u!224 &893232973513610744
RectTransform:
  m_ObjectHideFlags: 0
  m_CorrespondingSourceObject: {fileID: 0}
  m_PrefabInstance: {fileID: 0}
  m_PrefabAsset: {fileID: 0}
  m_GameObject: {fileID: 4701705813950627317}
  m_LocalRotation: {x: 0, y: 0, z: 0, w: 1}
  m_LocalPosition: {x: 0, y: 0, z: 0}
  m_LocalScale: {x: 1, y: 1, z: 1}
  m_Children:
  - {fileID: 7620183434078268864}
  - {fileID: 7620183434520198953}
  - {fileID: 7620183435107564845}
  m_Father: {fileID: 7620183433734954619}
  m_RootOrder: 0
  m_LocalEulerAnglesHint: {x: 0, y: 0, z: 0}
  m_AnchorMin: {x: 0, y: 0.8}
  m_AnchorMax: {x: 1, y: 1}
  m_AnchoredPosition: {x: 0, y: 0}
  m_SizeDelta: {x: 0, y: 0}
  m_Pivot: {x: 0.5, y: 0.5}
--- !u!222 &3045407193622321817
CanvasRenderer:
  m_ObjectHideFlags: 0
  m_CorrespondingSourceObject: {fileID: 0}
  m_PrefabInstance: {fileID: 0}
  m_PrefabAsset: {fileID: 0}
  m_GameObject: {fileID: 4701705813950627317}
  m_CullTransparentMesh: 1
--- !u!114 &73906191638290627
MonoBehaviour:
  m_ObjectHideFlags: 0
  m_CorrespondingSourceObject: {fileID: 0}
  m_PrefabInstance: {fileID: 0}
  m_PrefabAsset: {fileID: 0}
  m_GameObject: {fileID: 4701705813950627317}
  m_Enabled: 0
  m_EditorHideFlags: 0
  m_Script: {fileID: 11500000, guid: fe87c0e1cc204ed48ad3b37840f39efc, type: 3}
  m_Name: 
  m_EditorClassIdentifier: 
  m_Material: {fileID: 0}
  m_Color: {r: 1, g: 0, b: 0, a: 0.3764706}
  m_RaycastTarget: 1
  m_RaycastPadding: {x: 0, y: 0, z: 0, w: 0}
  m_Maskable: 1
  m_OnCullStateChanged:
    m_PersistentCalls:
      m_Calls: []
  m_Sprite: {fileID: 10907, guid: 0000000000000000f000000000000000, type: 0}
  m_Type: 1
  m_PreserveAspect: 0
  m_FillCenter: 1
  m_FillMethod: 4
  m_FillAmount: 1
  m_FillClockwise: 1
  m_FillOrigin: 0
  m_UseSpriteMesh: 0
  m_PixelsPerUnitMultiplier: 1
--- !u!1 &7620183433734954618
GameObject:
  m_ObjectHideFlags: 0
  m_CorrespondingSourceObject: {fileID: 0}
  m_PrefabInstance: {fileID: 0}
  m_PrefabAsset: {fileID: 0}
  serializedVersion: 6
  m_Component:
  - component: {fileID: 7620183433734954619}
  - component: {fileID: 7620183433734954617}
  - component: {fileID: 7620183433734954616}
  - component: {fileID: 7620183433734954622}
  - component: {fileID: 7620183433734954623}
  m_Layer: 5
  m_Name: CTA_Screen
  m_TagString: Untagged
  m_Icon: {fileID: 0}
  m_NavMeshLayer: 0
  m_StaticEditorFlags: 0
  m_IsActive: 1
--- !u!224 &7620183433734954619
RectTransform:
  m_ObjectHideFlags: 0
  m_CorrespondingSourceObject: {fileID: 0}
  m_PrefabInstance: {fileID: 0}
  m_PrefabAsset: {fileID: 0}
  m_GameObject: {fileID: 7620183433734954618}
  m_LocalRotation: {x: 0, y: 0, z: 0, w: 1}
  m_LocalPosition: {x: 0, y: 0, z: 0}
  m_LocalScale: {x: 1, y: 1, z: 1}
  m_Children:
  - {fileID: 893232973513610744}
  - {fileID: 11529093516323932}
  - {fileID: 7221611407451063604}
  m_Father: {fileID: 0}
  m_RootOrder: 0
  m_LocalEulerAnglesHint: {x: 0, y: 0, z: 0}
  m_AnchorMin: {x: 0, y: 0}
  m_AnchorMax: {x: 1, y: 1}
  m_AnchoredPosition: {x: 0, y: 0}
  m_SizeDelta: {x: 2, y: 2}
  m_Pivot: {x: 0.5, y: 0.5}
--- !u!222 &7620183433734954617
CanvasRenderer:
  m_ObjectHideFlags: 0
  m_CorrespondingSourceObject: {fileID: 0}
  m_PrefabInstance: {fileID: 0}
  m_PrefabAsset: {fileID: 0}
  m_GameObject: {fileID: 7620183433734954618}
  m_CullTransparentMesh: 1
--- !u!114 &7620183433734954616
MonoBehaviour:
  m_ObjectHideFlags: 0
  m_CorrespondingSourceObject: {fileID: 0}
  m_PrefabInstance: {fileID: 0}
  m_PrefabAsset: {fileID: 0}
  m_GameObject: {fileID: 7620183433734954618}
  m_Enabled: 1
  m_EditorHideFlags: 0
  m_Script: {fileID: 11500000, guid: fe87c0e1cc204ed48ad3b37840f39efc, type: 3}
  m_Name: 
  m_EditorClassIdentifier: 
  m_Material: {fileID: 0}
  m_Color: {r: 0.9607843, g: 0.9607843, b: 0.9607843, a: 1}
  m_RaycastTarget: 1
  m_RaycastPadding: {x: 0, y: 0, z: 0, w: 0}
  m_Maskable: 1
  m_OnCullStateChanged:
    m_PersistentCalls:
      m_Calls: []
  m_Sprite: {fileID: 10911, guid: 0000000000000000f000000000000000, type: 0}
  m_Type: 1
  m_PreserveAspect: 0
  m_FillCenter: 1
  m_FillMethod: 4
  m_FillAmount: 1
  m_FillClockwise: 1
  m_FillOrigin: 0
  m_UseSpriteMesh: 0
  m_PixelsPerUnitMultiplier: 1
--- !u!114 &7620183433734954622
MonoBehaviour:
  m_ObjectHideFlags: 0
  m_CorrespondingSourceObject: {fileID: 0}
  m_PrefabInstance: {fileID: 0}
  m_PrefabAsset: {fileID: 0}
  m_GameObject: {fileID: 7620183433734954618}
  m_Enabled: 1
  m_EditorHideFlags: 0
  m_Script: {fileID: 11500000, guid: 9ce1e88cc9ddc1942bf79e4991a0461f, type: 3}
  m_Name: 
  m_EditorClassIdentifier: 
  m_isActive: 1
  m_TextColoured:
  - {fileID: 6327827766456616845}
  - {fileID: 0}
  - {fileID: 0}
  - {fileID: 0}
  m_BodyText: {fileID: 7660788077933365665}
  m_TitleText: {fileID: 6327827766456616845}
  m_titleStart: '<size=120><color=#000000>Galaxy Z '
  m_titleEnd: </color></size><br>AR Maze
  m_BodyFillStart: 'Be the fastest to play the AR Maze for the chance to win the
    new Samsung Galaxy Z '
  m_BodyFillEnd: 
  m_FoldCoverImage: {fileID: 7620183434520198952}
  m_FLipCoverImage: {fileID: 7620183434078268867}
--- !u!114 &7620183433734954623
MonoBehaviour:
  m_ObjectHideFlags: 0
  m_CorrespondingSourceObject: {fileID: 0}
  m_PrefabInstance: {fileID: 0}
  m_PrefabAsset: {fileID: 0}
  m_GameObject: {fileID: 7620183433734954618}
  m_Enabled: 1
  m_EditorHideFlags: 0
  m_Script: {fileID: 11500000, guid: 3312d7739989d2b4e91e6319e9a96d76, type: 3}
  m_Name: 
  m_EditorClassIdentifier: 
  m_Padding: {x: 0, y: 0, z: 0, w: 0}
  m_Softness: {x: 0, y: 0}
--- !u!1 &7620183434078268867
GameObject:
  m_ObjectHideFlags: 0
  m_CorrespondingSourceObject: {fileID: 0}
  m_PrefabInstance: {fileID: 0}
  m_PrefabAsset: {fileID: 0}
  serializedVersion: 6
  m_Component:
  - component: {fileID: 7620183434078268864}
  - component: {fileID: 7620183434078268870}
  - component: {fileID: 7620183434078268865}
  m_Layer: 5
  m_Name: CoverImage_Flip
  m_TagString: Untagged
  m_Icon: {fileID: 0}
  m_NavMeshLayer: 0
  m_StaticEditorFlags: 0
  m_IsActive: 1
--- !u!224 &7620183434078268864
RectTransform:
  m_ObjectHideFlags: 0
  m_CorrespondingSourceObject: {fileID: 0}
  m_PrefabInstance: {fileID: 0}
  m_PrefabAsset: {fileID: 0}
  m_GameObject: {fileID: 7620183434078268867}
  m_LocalRotation: {x: -0, y: -0, z: -0, w: 1}
  m_LocalPosition: {x: 0, y: 0, z: 0}
  m_LocalScale: {x: 1, y: 1, z: 1}
  m_Children: []
  m_Father: {fileID: 893232973513610744}
  m_RootOrder: 0
  m_LocalEulerAnglesHint: {x: 0, y: 0, z: 0}
  m_AnchorMin: {x: 0.5, y: 0.5}
  m_AnchorMax: {x: 0.5, y: 0.5}
  m_AnchoredPosition: {x: 0, y: 207.8999}
  m_SizeDelta: {x: 1033, y: 2524}
  m_Pivot: {x: 0.5, y: 1}
--- !u!222 &7620183434078268870
CanvasRenderer:
  m_ObjectHideFlags: 0
  m_CorrespondingSourceObject: {fileID: 0}
  m_PrefabInstance: {fileID: 0}
  m_PrefabAsset: {fileID: 0}
  m_GameObject: {fileID: 7620183434078268867}
  m_CullTransparentMesh: 1
--- !u!114 &7620183434078268865
MonoBehaviour:
  m_ObjectHideFlags: 0
  m_CorrespondingSourceObject: {fileID: 0}
  m_PrefabInstance: {fileID: 0}
  m_PrefabAsset: {fileID: 0}
  m_GameObject: {fileID: 7620183434078268867}
  m_Enabled: 1
  m_EditorHideFlags: 0
  m_Script: {fileID: 11500000, guid: fe87c0e1cc204ed48ad3b37840f39efc, type: 3}
  m_Name: 
  m_EditorClassIdentifier: 
  m_Material: {fileID: 0}
  m_Color: {r: 1, g: 1, b: 1, a: 1}
  m_RaycastTarget: 1
  m_RaycastPadding: {x: 0, y: 0, z: 0, w: 0}
  m_Maskable: 1
  m_OnCullStateChanged:
    m_PersistentCalls:
      m_Calls: []
  m_Sprite: {fileID: 21300000, guid: ef353e292b35a2f4ea5559319a589480, type: 3}
  m_Type: 0
  m_PreserveAspect: 0
  m_FillCenter: 1
  m_FillMethod: 4
  m_FillAmount: 1
  m_FillClockwise: 1
  m_FillOrigin: 0
  m_UseSpriteMesh: 0
  m_PixelsPerUnitMultiplier: 1
--- !u!1 &7620183434520198952
GameObject:
  m_ObjectHideFlags: 0
  m_CorrespondingSourceObject: {fileID: 0}
  m_PrefabInstance: {fileID: 0}
  m_PrefabAsset: {fileID: 0}
  serializedVersion: 6
  m_Component:
  - component: {fileID: 7620183434520198953}
  - component: {fileID: 7620183434520198959}
  - component: {fileID: 7620183434520198958}
  m_Layer: 5
  m_Name: CoverImage_Fold
  m_TagString: Untagged
  m_Icon: {fileID: 0}
  m_NavMeshLayer: 0
  m_StaticEditorFlags: 0
  m_IsActive: 1
--- !u!224 &7620183434520198953
RectTransform:
  m_ObjectHideFlags: 0
  m_CorrespondingSourceObject: {fileID: 0}
  m_PrefabInstance: {fileID: 0}
  m_PrefabAsset: {fileID: 0}
  m_GameObject: {fileID: 7620183434520198952}
  m_LocalRotation: {x: -0, y: -0, z: -0, w: 1}
  m_LocalPosition: {x: 0, y: 0, z: 0}
  m_LocalScale: {x: 1, y: 1, z: 1}
  m_Children: []
  m_Father: {fileID: 893232973513610744}
  m_RootOrder: 1
  m_LocalEulerAnglesHint: {x: 0, y: 0, z: 0}
  m_AnchorMin: {x: 0.5, y: 0.5}
  m_AnchorMax: {x: 0.5, y: 0.5}
  m_AnchoredPosition: {x: 0, y: 77.21}
  m_SizeDelta: {x: 1033, y: 1286}
  m_Pivot: {x: 0.5, y: 1}
--- !u!222 &7620183434520198959
CanvasRenderer:
  m_ObjectHideFlags: 0
  m_CorrespondingSourceObject: {fileID: 0}
  m_PrefabInstance: {fileID: 0}
  m_PrefabAsset: {fileID: 0}
  m_GameObject: {fileID: 7620183434520198952}
  m_CullTransparentMesh: 1
--- !u!114 &7620183434520198958
MonoBehaviour:
  m_ObjectHideFlags: 0
  m_CorrespondingSourceObject: {fileID: 0}
  m_PrefabInstance: {fileID: 0}
  m_PrefabAsset: {fileID: 0}
  m_GameObject: {fileID: 7620183434520198952}
  m_Enabled: 1
  m_EditorHideFlags: 0
  m_Script: {fileID: 11500000, guid: fe87c0e1cc204ed48ad3b37840f39efc, type: 3}
  m_Name: 
  m_EditorClassIdentifier: 
  m_Material: {fileID: 0}
  m_Color: {r: 1, g: 1, b: 1, a: 1}
  m_RaycastTarget: 1
  m_RaycastPadding: {x: 0, y: 0, z: 0, w: 0}
  m_Maskable: 1
  m_OnCullStateChanged:
    m_PersistentCalls:
      m_Calls: []
  m_Sprite: {fileID: 21300000, guid: ed10f7ea9d121ad499e138e637189d46, type: 3}
  m_Type: 0
  m_PreserveAspect: 0
  m_FillCenter: 1
  m_FillMethod: 4
  m_FillAmount: 1
  m_FillClockwise: 1
  m_FillOrigin: 0
  m_UseSpriteMesh: 0
  m_PixelsPerUnitMultiplier: 1
--- !u!1 &7620183435107564844
GameObject:
  m_ObjectHideFlags: 0
  m_CorrespondingSourceObject: {fileID: 0}
  m_PrefabInstance: {fileID: 0}
  m_PrefabAsset: {fileID: 0}
  serializedVersion: 6
  m_Component:
  - component: {fileID: 7620183435107564845}
  - component: {fileID: 7620183435107564835}
  - component: {fileID: 7620183435107564834}
  m_Layer: 5
  m_Name: SamsungLogo
  m_TagString: Untagged
  m_Icon: {fileID: 0}
  m_NavMeshLayer: 0
  m_StaticEditorFlags: 0
  m_IsActive: 1
--- !u!224 &7620183435107564845
RectTransform:
  m_ObjectHideFlags: 0
  m_CorrespondingSourceObject: {fileID: 0}
  m_PrefabInstance: {fileID: 0}
  m_PrefabAsset: {fileID: 0}
  m_GameObject: {fileID: 7620183435107564844}
  m_LocalRotation: {x: -0, y: -0, z: -0, w: 1}
  m_LocalPosition: {x: 0, y: 0, z: 0}
  m_LocalScale: {x: 1, y: 1, z: 1}
  m_Children: []
  m_Father: {fileID: 893232973513610744}
  m_RootOrder: 2
  m_LocalEulerAnglesHint: {x: 0, y: 0, z: 0}
  m_AnchorMin: {x: 0.5, y: 1}
  m_AnchorMax: {x: 0.5, y: 1}
  m_AnchoredPosition: {x: 0, y: -150}
  m_SizeDelta: {x: 380, y: 58}
  m_Pivot: {x: 0.5, y: 0.5}
--- !u!222 &7620183435107564835
CanvasRenderer:
  m_ObjectHideFlags: 0
  m_CorrespondingSourceObject: {fileID: 0}
  m_PrefabInstance: {fileID: 0}
  m_PrefabAsset: {fileID: 0}
  m_GameObject: {fileID: 7620183435107564844}
  m_CullTransparentMesh: 1
--- !u!114 &7620183435107564834
MonoBehaviour:
  m_ObjectHideFlags: 0
  m_CorrespondingSourceObject: {fileID: 0}
  m_PrefabInstance: {fileID: 0}
  m_PrefabAsset: {fileID: 0}
  m_GameObject: {fileID: 7620183435107564844}
  m_Enabled: 1
  m_EditorHideFlags: 0
  m_Script: {fileID: 11500000, guid: fe87c0e1cc204ed48ad3b37840f39efc, type: 3}
  m_Name: 
  m_EditorClassIdentifier: 
  m_Material: {fileID: 0}
  m_Color: {r: 0, g: 0, b: 0, a: 1}
  m_RaycastTarget: 1
  m_RaycastPadding: {x: 0, y: 0, z: 0, w: 0}
  m_Maskable: 1
  m_OnCullStateChanged:
    m_PersistentCalls:
      m_Calls: []
  m_Sprite: {fileID: 21300000, guid: d39ab7c481520b541af76c5e6602bd8b, type: 3}
  m_Type: 0
  m_PreserveAspect: 0
  m_FillCenter: 1
  m_FillMethod: 4
  m_FillAmount: 1
  m_FillClockwise: 1
  m_FillOrigin: 0
  m_UseSpriteMesh: 0
  m_PixelsPerUnitMultiplier: 1
--- !u!1001 &1423632187612911950
PrefabInstance:
  m_ObjectHideFlags: 0
  serializedVersion: 2
  m_Modification:
    m_TransformParent: {fileID: 11529093516323932}
    m_Modifications:
    - target: {fileID: 5236664020161043626, guid: 84e3411c9d71ec84da50b3c8036cd573, type: 3}
      propertyPath: m_Name
      value: BodyText
      objectReference: {fileID: 0}
    - target: {fileID: 5738219912786602802, guid: 84e3411c9d71ec84da50b3c8036cd573, type: 3}
      propertyPath: m_Pivot.x
      value: 0.5
      objectReference: {fileID: 0}
    - target: {fileID: 5738219912786602802, guid: 84e3411c9d71ec84da50b3c8036cd573, type: 3}
      propertyPath: m_Pivot.y
      value: 0.5
      objectReference: {fileID: 0}
    - target: {fileID: 5738219912786602802, guid: 84e3411c9d71ec84da50b3c8036cd573, type: 3}
      propertyPath: m_RootOrder
      value: 0
      objectReference: {fileID: 0}
    - target: {fileID: 5738219912786602802, guid: 84e3411c9d71ec84da50b3c8036cd573, type: 3}
      propertyPath: m_AnchorMax.x
      value: 1
      objectReference: {fileID: 0}
    - target: {fileID: 5738219912786602802, guid: 84e3411c9d71ec84da50b3c8036cd573, type: 3}
      propertyPath: m_AnchorMax.y
      value: 1
      objectReference: {fileID: 0}
    - target: {fileID: 5738219912786602802, guid: 84e3411c9d71ec84da50b3c8036cd573, type: 3}
      propertyPath: m_AnchorMin.x
      value: 0
      objectReference: {fileID: 0}
    - target: {fileID: 5738219912786602802, guid: 84e3411c9d71ec84da50b3c8036cd573, type: 3}
      propertyPath: m_AnchorMin.y
      value: 0
      objectReference: {fileID: 0}
    - target: {fileID: 5738219912786602802, guid: 84e3411c9d71ec84da50b3c8036cd573, type: 3}
      propertyPath: m_SizeDelta.x
      value: -216
      objectReference: {fileID: 0}
    - target: {fileID: 5738219912786602802, guid: 84e3411c9d71ec84da50b3c8036cd573, type: 3}
      propertyPath: m_SizeDelta.y
      value: -1117.8
      objectReference: {fileID: 0}
    - target: {fileID: 5738219912786602802, guid: 84e3411c9d71ec84da50b3c8036cd573, type: 3}
      propertyPath: m_LocalPosition.x
      value: 0
      objectReference: {fileID: 0}
    - target: {fileID: 5738219912786602802, guid: 84e3411c9d71ec84da50b3c8036cd573, type: 3}
      propertyPath: m_LocalPosition.y
      value: 0
      objectReference: {fileID: 0}
    - target: {fileID: 5738219912786602802, guid: 84e3411c9d71ec84da50b3c8036cd573, type: 3}
      propertyPath: m_LocalPosition.z
      value: 0
      objectReference: {fileID: 0}
    - target: {fileID: 5738219912786602802, guid: 84e3411c9d71ec84da50b3c8036cd573, type: 3}
      propertyPath: m_LocalRotation.w
      value: 1
      objectReference: {fileID: 0}
    - target: {fileID: 5738219912786602802, guid: 84e3411c9d71ec84da50b3c8036cd573, type: 3}
      propertyPath: m_LocalRotation.x
      value: 0
      objectReference: {fileID: 0}
    - target: {fileID: 5738219912786602802, guid: 84e3411c9d71ec84da50b3c8036cd573, type: 3}
      propertyPath: m_LocalRotation.y
      value: 0
      objectReference: {fileID: 0}
    - target: {fileID: 5738219912786602802, guid: 84e3411c9d71ec84da50b3c8036cd573, type: 3}
      propertyPath: m_LocalRotation.z
      value: 0
      objectReference: {fileID: 0}
    - target: {fileID: 5738219912786602802, guid: 84e3411c9d71ec84da50b3c8036cd573, type: 3}
      propertyPath: m_AnchoredPosition.x
      value: 0
      objectReference: {fileID: 0}
    - target: {fileID: 5738219912786602802, guid: 84e3411c9d71ec84da50b3c8036cd573, type: 3}
      propertyPath: m_AnchoredPosition.y
      value: -519.1
      objectReference: {fileID: 0}
    - target: {fileID: 5738219912786602802, guid: 84e3411c9d71ec84da50b3c8036cd573, type: 3}
      propertyPath: m_LocalEulerAnglesHint.x
      value: 0
      objectReference: {fileID: 0}
    - target: {fileID: 5738219912786602802, guid: 84e3411c9d71ec84da50b3c8036cd573, type: 3}
      propertyPath: m_LocalEulerAnglesHint.y
      value: 0
      objectReference: {fileID: 0}
    - target: {fileID: 5738219912786602802, guid: 84e3411c9d71ec84da50b3c8036cd573, type: 3}
      propertyPath: m_LocalEulerAnglesHint.z
      value: 0
      objectReference: {fileID: 0}
    - target: {fileID: 8759879256076374255, guid: 84e3411c9d71ec84da50b3c8036cd573, type: 3}
      propertyPath: m_text
      value: Be the fastest to play the AR Maze for the chance to win the new Samsung
        Galaxy Z Flip3
      objectReference: {fileID: 0}
    - target: {fileID: 8759879256076374255, guid: 84e3411c9d71ec84da50b3c8036cd573, type: 3}
      propertyPath: m_fontColor.b
      value: 0
      objectReference: {fileID: 0}
    - target: {fileID: 8759879256076374255, guid: 84e3411c9d71ec84da50b3c8036cd573, type: 3}
      propertyPath: m_fontColor.g
      value: 0
      objectReference: {fileID: 0}
    - target: {fileID: 8759879256076374255, guid: 84e3411c9d71ec84da50b3c8036cd573, type: 3}
      propertyPath: m_fontColor.r
      value: 0
      objectReference: {fileID: 0}
    - target: {fileID: 8759879256076374255, guid: 84e3411c9d71ec84da50b3c8036cd573, type: 3}
      propertyPath: m_lineSpacing
      value: 0
      objectReference: {fileID: 0}
    - target: {fileID: 8759879256076374255, guid: 84e3411c9d71ec84da50b3c8036cd573, type: 3}
      propertyPath: m_fontColor32.rgba
      value: 4278190080
      objectReference: {fileID: 0}
    m_RemovedComponents: []
  m_SourcePrefab: {fileID: 100100000, guid: 84e3411c9d71ec84da50b3c8036cd573, type: 3}
--- !u!224 &6657307014396195452 stripped
RectTransform:
  m_CorrespondingSourceObject: {fileID: 5738219912786602802, guid: 84e3411c9d71ec84da50b3c8036cd573, type: 3}
  m_PrefabInstance: {fileID: 1423632187612911950}
  m_PrefabAsset: {fileID: 0}
--- !u!114 &7660788077933365665 stripped
MonoBehaviour:
  m_CorrespondingSourceObject: {fileID: 8759879256076374255, guid: 84e3411c9d71ec84da50b3c8036cd573, type: 3}
  m_PrefabInstance: {fileID: 1423632187612911950}
  m_PrefabAsset: {fileID: 0}
  m_GameObject: {fileID: 0}
  m_Enabled: 1
  m_EditorHideFlags: 0
  m_Script: {fileID: 11500000, guid: f4688fdb7df04437aeb418b961361dc5, type: 3}
  m_Name: 
  m_EditorClassIdentifier: 
--- !u!1001 &7251549749105159554
PrefabInstance:
  m_ObjectHideFlags: 0
  serializedVersion: 2
  m_Modification:
    m_TransformParent: {fileID: 7221611407451063604}
    m_Modifications:
    - target: {fileID: 1388285312070035733, guid: 6afb697c33a488d4c8fc2e08922a4dc6, type: 3}
      propertyPath: m_Enabled
      value: 1
      objectReference: {fileID: 0}
    - target: {fileID: 1388285312070035733, guid: 6afb697c33a488d4c8fc2e08922a4dc6, type: 3}
      propertyPath: m_fontColor.b
      value: 0
      objectReference: {fileID: 0}
    - target: {fileID: 1388285312070035733, guid: 6afb697c33a488d4c8fc2e08922a4dc6, type: 3}
      propertyPath: m_fontColor.g
      value: 0
      objectReference: {fileID: 0}
    - target: {fileID: 1388285312070035733, guid: 6afb697c33a488d4c8fc2e08922a4dc6, type: 3}
      propertyPath: m_fontColor.r
      value: 0
      objectReference: {fileID: 0}
    - target: {fileID: 1388285312070035733, guid: 6afb697c33a488d4c8fc2e08922a4dc6, type: 3}
      propertyPath: m_fontColor32.rgba
      value: 4278190080
      objectReference: {fileID: 0}
    - target: {fileID: 5579878723198488961, guid: 6afb697c33a488d4c8fc2e08922a4dc6, type: 3}
      propertyPath: m_Name
      value: NXT_Button
      objectReference: {fileID: 0}
    - target: {fileID: 7330928372726455226, guid: 6afb697c33a488d4c8fc2e08922a4dc6, type: 3}
      propertyPath: m_OnClick.m_PersistentCalls.m_Calls.Array.size
      value: 1
      objectReference: {fileID: 0}
    - target: {fileID: 7330928372726455226, guid: 6afb697c33a488d4c8fc2e08922a4dc6, type: 3}
      propertyPath: m_OnClick.m_PersistentCalls.m_Calls.Array.data[0].m_Mode
      value: 1
      objectReference: {fileID: 0}
    - target: {fileID: 7330928372726455226, guid: 6afb697c33a488d4c8fc2e08922a4dc6, type: 3}
      propertyPath: m_OnClick.m_PersistentCalls.m_Calls.Array.data[0].m_Target
      value: 
      objectReference: {fileID: 0}
    - target: {fileID: 7330928372726455226, guid: 6afb697c33a488d4c8fc2e08922a4dc6, type: 3}
      propertyPath: m_OnClick.m_PersistentCalls.m_Calls.Array.data[0].m_CallState
      value: 2
      objectReference: {fileID: 0}
    - target: {fileID: 7330928372726455226, guid: 6afb697c33a488d4c8fc2e08922a4dc6, type: 3}
      propertyPath: m_OnClick.m_PersistentCalls.m_Calls.Array.data[0].m_MethodName
      value: Next
      objectReference: {fileID: 0}
    - target: {fileID: 7330928372726455226, guid: 6afb697c33a488d4c8fc2e08922a4dc6, type: 3}
      propertyPath: m_OnClick.m_PersistentCalls.m_Calls.Array.data[0].m_TargetAssemblyTypeName
      value: AppController, Assembly-CSharp
      objectReference: {fileID: 0}
    - target: {fileID: 7330928372726455226, guid: 6afb697c33a488d4c8fc2e08922a4dc6, type: 3}
      propertyPath: m_OnClick.m_PersistentCalls.m_Calls.Array.data[0].m_Arguments.m_ObjectArgumentAssemblyTypeName
      value: UnityEngine.Object, UnityEngine
      objectReference: {fileID: 0}
    - target: {fileID: 8951540919602324949, guid: 6afb697c33a488d4c8fc2e08922a4dc6, type: 3}
      propertyPath: m_Enabled
      value: 1
      objectReference: {fileID: 0}
    - target: {fileID: 8991881991912027138, guid: 6afb697c33a488d4c8fc2e08922a4dc6, type: 3}
      propertyPath: m_Pivot.x
      value: 0.5
      objectReference: {fileID: 0}
    - target: {fileID: 8991881991912027138, guid: 6afb697c33a488d4c8fc2e08922a4dc6, type: 3}
      propertyPath: m_Pivot.y
      value: 0.5
      objectReference: {fileID: 0}
    - target: {fileID: 8991881991912027138, guid: 6afb697c33a488d4c8fc2e08922a4dc6, type: 3}
      propertyPath: m_RootOrder
      value: 0
      objectReference: {fileID: 0}
    - target: {fileID: 8991881991912027138, guid: 6afb697c33a488d4c8fc2e08922a4dc6, type: 3}
      propertyPath: m_AnchorMax.x
      value: 0.5
      objectReference: {fileID: 0}
    - target: {fileID: 8991881991912027138, guid: 6afb697c33a488d4c8fc2e08922a4dc6, type: 3}
      propertyPath: m_AnchorMax.y
      value: 0.5
      objectReference: {fileID: 0}
    - target: {fileID: 8991881991912027138, guid: 6afb697c33a488d4c8fc2e08922a4dc6, type: 3}
      propertyPath: m_AnchorMin.x
      value: 0.5
      objectReference: {fileID: 0}
    - target: {fileID: 8991881991912027138, guid: 6afb697c33a488d4c8fc2e08922a4dc6, type: 3}
      propertyPath: m_AnchorMin.y
      value: 0.5
      objectReference: {fileID: 0}
    - target: {fileID: 8991881991912027138, guid: 6afb697c33a488d4c8fc2e08922a4dc6, type: 3}
      propertyPath: m_SizeDelta.x
      value: 750
      objectReference: {fileID: 0}
    - target: {fileID: 8991881991912027138, guid: 6afb697c33a488d4c8fc2e08922a4dc6, type: 3}
      propertyPath: m_SizeDelta.y
      value: 190
      objectReference: {fileID: 0}
    - target: {fileID: 8991881991912027138, guid: 6afb697c33a488d4c8fc2e08922a4dc6, type: 3}
      propertyPath: m_LocalPosition.x
      value: 0
      objectReference: {fileID: 0}
    - target: {fileID: 8991881991912027138, guid: 6afb697c33a488d4c8fc2e08922a4dc6, type: 3}
      propertyPath: m_LocalPosition.y
      value: 0
      objectReference: {fileID: 0}
    - target: {fileID: 8991881991912027138, guid: 6afb697c33a488d4c8fc2e08922a4dc6, type: 3}
      propertyPath: m_LocalPosition.z
      value: 0
      objectReference: {fileID: 0}
    - target: {fileID: 8991881991912027138, guid: 6afb697c33a488d4c8fc2e08922a4dc6, type: 3}
      propertyPath: m_LocalRotation.w
      value: 1
      objectReference: {fileID: 0}
    - target: {fileID: 8991881991912027138, guid: 6afb697c33a488d4c8fc2e08922a4dc6, type: 3}
      propertyPath: m_LocalRotation.x
      value: 0
      objectReference: {fileID: 0}
    - target: {fileID: 8991881991912027138, guid: 6afb697c33a488d4c8fc2e08922a4dc6, type: 3}
      propertyPath: m_LocalRotation.y
      value: 0
      objectReference: {fileID: 0}
    - target: {fileID: 8991881991912027138, guid: 6afb697c33a488d4c8fc2e08922a4dc6, type: 3}
      propertyPath: m_LocalRotation.z
      value: 0
      objectReference: {fileID: 0}
    - target: {fileID: 8991881991912027138, guid: 6afb697c33a488d4c8fc2e08922a4dc6, type: 3}
      propertyPath: m_AnchoredPosition.x
      value: 0
      objectReference: {fileID: 0}
    - target: {fileID: 8991881991912027138, guid: 6afb697c33a488d4c8fc2e08922a4dc6, type: 3}
      propertyPath: m_AnchoredPosition.y
      value: 0
      objectReference: {fileID: 0}
    - target: {fileID: 8991881991912027138, guid: 6afb697c33a488d4c8fc2e08922a4dc6, type: 3}
      propertyPath: m_LocalEulerAnglesHint.x
      value: 0
      objectReference: {fileID: 0}
    - target: {fileID: 8991881991912027138, guid: 6afb697c33a488d4c8fc2e08922a4dc6, type: 3}
      propertyPath: m_LocalEulerAnglesHint.y
      value: 0
      objectReference: {fileID: 0}
    - target: {fileID: 8991881991912027138, guid: 6afb697c33a488d4c8fc2e08922a4dc6, type: 3}
      propertyPath: m_LocalEulerAnglesHint.z
      value: 0
      objectReference: {fileID: 0}
    m_RemovedComponents: []
  m_SourcePrefab: {fileID: 100100000, guid: 6afb697c33a488d4c8fc2e08922a4dc6, type: 3}
--- !u!224 &1759565037650418048 stripped
RectTransform:
  m_CorrespondingSourceObject: {fileID: 8991881991912027138, guid: 6afb697c33a488d4c8fc2e08922a4dc6, type: 3}
  m_PrefabInstance: {fileID: 7251549749105159554}
  m_PrefabAsset: {fileID: 0}
--- !u!1001 &8270777111479463449
PrefabInstance:
  m_ObjectHideFlags: 0
  serializedVersion: 2
  m_Modification:
    m_TransformParent: {fileID: 11529093516323932}
    m_Modifications:
    - target: {fileID: 1379316977098756681, guid: dc35eb9386f1606458c0bef357ccf67c, type: 3}
      propertyPath: m_Pivot.x
      value: 0.5
      objectReference: {fileID: 0}
    - target: {fileID: 1379316977098756681, guid: dc35eb9386f1606458c0bef357ccf67c, type: 3}
      propertyPath: m_Pivot.y
      value: 0.5
      objectReference: {fileID: 0}
    - target: {fileID: 1379316977098756681, guid: dc35eb9386f1606458c0bef357ccf67c, type: 3}
      propertyPath: m_RootOrder
      value: 1
      objectReference: {fileID: 0}
    - target: {fileID: 1379316977098756681, guid: dc35eb9386f1606458c0bef357ccf67c, type: 3}
      propertyPath: m_AnchorMax.x
      value: 0.5
      objectReference: {fileID: 0}
    - target: {fileID: 1379316977098756681, guid: dc35eb9386f1606458c0bef357ccf67c, type: 3}
      propertyPath: m_AnchorMax.y
      value: 0.5
      objectReference: {fileID: 0}
    - target: {fileID: 1379316977098756681, guid: dc35eb9386f1606458c0bef357ccf67c, type: 3}
      propertyPath: m_AnchorMin.x
      value: 0.5
      objectReference: {fileID: 0}
    - target: {fileID: 1379316977098756681, guid: dc35eb9386f1606458c0bef357ccf67c, type: 3}
      propertyPath: m_AnchorMin.y
      value: 0.5
      objectReference: {fileID: 0}
    - target: {fileID: 1379316977098756681, guid: dc35eb9386f1606458c0bef357ccf67c, type: 3}
      propertyPath: m_SizeDelta.x
      value: 883.7
      objectReference: {fileID: 0}
    - target: {fileID: 1379316977098756681, guid: dc35eb9386f1606458c0bef357ccf67c, type: 3}
      propertyPath: m_SizeDelta.y
      value: 187
      objectReference: {fileID: 0}
    - target: {fileID: 1379316977098756681, guid: dc35eb9386f1606458c0bef357ccf67c, type: 3}
      propertyPath: m_LocalPosition.x
      value: 0
      objectReference: {fileID: 0}
    - target: {fileID: 1379316977098756681, guid: dc35eb9386f1606458c0bef357ccf67c, type: 3}
      propertyPath: m_LocalPosition.y
      value: 0
      objectReference: {fileID: 0}
    - target: {fileID: 1379316977098756681, guid: dc35eb9386f1606458c0bef357ccf67c, type: 3}
      propertyPath: m_LocalPosition.z
      value: 0
      objectReference: {fileID: 0}
    - target: {fileID: 1379316977098756681, guid: dc35eb9386f1606458c0bef357ccf67c, type: 3}
      propertyPath: m_LocalRotation.w
      value: 1
      objectReference: {fileID: 0}
    - target: {fileID: 1379316977098756681, guid: dc35eb9386f1606458c0bef357ccf67c, type: 3}
      propertyPath: m_LocalRotation.x
      value: 0
      objectReference: {fileID: 0}
    - target: {fileID: 1379316977098756681, guid: dc35eb9386f1606458c0bef357ccf67c, type: 3}
      propertyPath: m_LocalRotation.y
      value: 0
      objectReference: {fileID: 0}
    - target: {fileID: 1379316977098756681, guid: dc35eb9386f1606458c0bef357ccf67c, type: 3}
      propertyPath: m_LocalRotation.z
      value: 0
      objectReference: {fileID: 0}
    - target: {fileID: 1379316977098756681, guid: dc35eb9386f1606458c0bef357ccf67c, type: 3}
      propertyPath: m_AnchoredPosition.x
      value: 0
      objectReference: {fileID: 0}
    - target: {fileID: 1379316977098756681, guid: dc35eb9386f1606458c0bef357ccf67c, type: 3}
      propertyPath: m_AnchoredPosition.y
      value: -135.5
      objectReference: {fileID: 0}
    - target: {fileID: 1379316977098756681, guid: dc35eb9386f1606458c0bef357ccf67c, type: 3}
      propertyPath: m_LocalEulerAnglesHint.x
      value: 0
      objectReference: {fileID: 0}
    - target: {fileID: 1379316977098756681, guid: dc35eb9386f1606458c0bef357ccf67c, type: 3}
      propertyPath: m_LocalEulerAnglesHint.y
      value: 0
      objectReference: {fileID: 0}
    - target: {fileID: 1379316977098756681, guid: dc35eb9386f1606458c0bef357ccf67c, type: 3}
      propertyPath: m_LocalEulerAnglesHint.z
      value: 0
      objectReference: {fileID: 0}
    - target: {fileID: 1453061577133549009, guid: dc35eb9386f1606458c0bef357ccf67c, type: 3}
      propertyPath: m_Name
      value: TitleText
      objectReference: {fileID: 0}
    - target: {fileID: 2672682031441914260, guid: dc35eb9386f1606458c0bef357ccf67c, type: 3}
      propertyPath: m_text
      value: <color=#000000>Galaxy Z Flip3</color><br>AR Maze
      objectReference: {fileID: 0}
    - target: {fileID: 2672682031441914260, guid: dc35eb9386f1606458c0bef357ccf67c, type: 3}
      propertyPath: m_Enabled
      value: 1
      objectReference: {fileID: 0}
    - target: {fileID: 2672682031441914260, guid: dc35eb9386f1606458c0bef357ccf67c, type: 3}
      propertyPath: m_fontSize
      value: 120
      objectReference: {fileID: 0}
    - target: {fileID: 2672682031441914260, guid: dc35eb9386f1606458c0bef357ccf67c, type: 3}
      propertyPath: m_fontColor.b
      value: 0.26415092
      objectReference: {fileID: 0}
    - target: {fileID: 2672682031441914260, guid: dc35eb9386f1606458c0bef357ccf67c, type: 3}
      propertyPath: m_fontColor.g
      value: 0.16571732
      objectReference: {fileID: 0}
    - target: {fileID: 2672682031441914260, guid: dc35eb9386f1606458c0bef357ccf67c, type: 3}
      propertyPath: m_fontColor.r
      value: 0.21051869
      objectReference: {fileID: 0}
    - target: {fileID: 2672682031441914260, guid: dc35eb9386f1606458c0bef357ccf67c, type: 3}
      propertyPath: m_lineSpacing
      value: 0
      objectReference: {fileID: 0}
    - target: {fileID: 2672682031441914260, guid: dc35eb9386f1606458c0bef357ccf67c, type: 3}
      propertyPath: m_fontSizeBase
      value: 120
      objectReference: {fileID: 0}
    - target: {fileID: 2672682031441914260, guid: dc35eb9386f1606458c0bef357ccf67c, type: 3}
      propertyPath: m_fontColor32.rgba
      value: 4282591798
      objectReference: {fileID: 0}
    - target: {fileID: 2672682031441914260, guid: dc35eb9386f1606458c0bef357ccf67c, type: 3}
      propertyPath: m_VerticalAlignment
      value: 1024
      objectReference: {fileID: 0}
    m_RemovedComponents: []
  m_SourcePrefab: {fileID: 100100000, guid: dc35eb9386f1606458c0bef357ccf67c, type: 3}
--- !u!224 &7053730540746783824 stripped
RectTransform:
  m_CorrespondingSourceObject: {fileID: 1379316977098756681, guid: dc35eb9386f1606458c0bef357ccf67c, type: 3}
  m_PrefabInstance: {fileID: 8270777111479463449}
  m_PrefabAsset: {fileID: 0}
--- !u!114 &6327827766456616845 stripped
MonoBehaviour:
  m_CorrespondingSourceObject: {fileID: 2672682031441914260, guid: dc35eb9386f1606458c0bef357ccf67c, type: 3}
  m_PrefabInstance: {fileID: 8270777111479463449}
  m_PrefabAsset: {fileID: 0}
  m_GameObject: {fileID: 0}
  m_Enabled: 1
  m_EditorHideFlags: 0
  m_Script: {fileID: 11500000, guid: f4688fdb7df04437aeb418b961361dc5, type: 3}
  m_Name: 
  m_EditorClassIdentifier: 
